@book{paulus2013digital,
  title={Digital tools for qualitative research},
  author={Paulus, Trena and Lester, Jessica and Dempster, Paul},
  year={2013},
  publisher={Sage}
}

@book{vargas2016gerenciamento,
  title={Gerenciamento de Projetos (8{\textordfeminine} Edi{\c{c}}{\~a}o): Estabelecendo diferenciais competitivos},
  author={Vargas, Ricardo Viana},
  year={2016},
  publisher={Brasport}
}
